@article{wiering2008,
  title={Ensemble algorithms in reinforcement learning},
  author={Wiering, Marco A and Van Hasselt, Hado},
  journal={IEEE Transactions on Systems, Man, and Cybernetics, Part B (Cybernetics)},
  volume={38},
  number={4},
  pages={930--936},
  year={2008},
  publisher={IEEE}
}


@inproceedings{singh1992,
  title={The efficient learning of multiple task sequences},
  author={Singh, Satinder P},
  booktitle={Advances in neural information processing systems},
  pages={251--258},
  year={1992}
}

@article{tham1995,
  title={Reinforcement learning of multiple tasks using a hierarchical CMAC architecture},
  author={Tham, Chen K},
  journal={Robotics and Autonomous Systems},
  volume={15},
  number={4},
  pages={247--274},
  year={1995},
  publisher={Elsevier}
}

@article{sun1999,
  title={Multi-agent reinforcement learning: weighting and partitioning},
  author={Sun, Ron and Peterson, Todd},
  journal={Neural networks},
  volume={12},
  number={4-5},
  pages={727--753},
  year={1999},
  publisher={Elsevier}
}

@inproceedings{wiering2007,
  title={Two novel on-policy reinforcement learning algorithms based on TD ($\lambda$)-methods},
  author={Wiering, Marco A and Van Hasselt, Hado},
  booktitle={2007 IEEE International Symposium on Approximate Dynamic Programming and Reinforcement Learning},
  pages={280--287},
  year={2007},
  organization={IEEE}
}

@inproceedings{wiering2009,
  title={The QV family compared to other reinforcement learning algorithms},
  author={Wiering, Marco A and Van Hasselt, Hado},
  booktitle={2009 IEEE Symposium on Adaptive Dynamic Programming and Reinforcement Learning},
  pages={101--108},
  year={2009},
  organization={IEEE}
}

@inproceedings{fausser2011,
  title={Ensemble methods for reinforcement learning with function approximation},
  author={Fau{\ss}er, Stefan and Schwenker, Friedhelm},
  booktitle={International Workshop on Multiple Classifier Systems},
  pages={56--65},
  year={2011},
  organization={Springer}
}

@article{ernst2005,
  title={Tree-based batch mode reinforcement learning},
  author={Ernst, Damien and Geurts, Pierre and Wehenkel, Louis},
  journal={Journal of Machine Learning Research},
  volume={6},
  number={Apr},
  pages={503--556},
  year={2005}
}

@article{fausser2015,
  title={Neural network ensembles in reinforcement learning},
  author={Fau{\ss}er, Stefan and Schwenker, Friedhelm},
  journal={Neural Processing Letters},
  volume={41},
  number={1},
  pages={55--69},
  year={2015},
  publisher={Springer}
}

@article{watkins1992,
  title={Q-learning},
  author={Watkins, Christopher JCH and Dayan, Peter},
  journal={Machine learning},
  volume={8},
  number={3-4},
  pages={279--292},
  year={1992},
  publisher={Springer}
}

@book{rummery1994,
  title={On-line Q-learning using connectionist systems},
  author={Rummery, Gavin A and Niranjan, Mahesan},
  volume={37},
  year={1994},
  publisher={University of Cambridge, Department of Engineering Cambridge, England}
}

@article{sutton2011,
  title={Reinforcement learning: An introduction},
  author={Sutton, Richard S and Barto, Andrew G},
  year={2011},
  publisher={Cambridge, MA: MIT Press}
}

@book{sutton2018,
  title={Reinforcement learning: An introduction},
  author={Sutton, Richard S and Barto, Andrew G},
  year={2018},
  publisher={MIT press}
}

@article{breiman1996,
  title={Bagging predictors},
  author={Breiman, Leo},
  journal={Machine learning},
  volume={24},
  number={2},
  pages={123--140},
  year={1996},
  publisher={Springer}
}

@article{narendra1974,
  title={Learning automata-a survey},
  author={Narendra, Kumpati S and Thathachar, Mandayam AL},
  journal={IEEE Transactions on systems, man, and cybernetics},
  number={4},
  pages={323--334},
  year={1974},
  publisher={IEEE}
}

@inproceedings{werbos1996,
  title={Generalized maze navigation: SRN critics solve what feedforward or Hebbian nets cannot},
  author={Werbos, Paul J and Pang, Xiaozhong},
  booktitle={1996 IEEE International Conference on Systems, Man and Cybernetics. Information Intelligence and Systems (Cat. No. 96CH35929)},
  volume={3},
  pages={1764--1769},
  year={1996},
  organization={IEEE}
}
